@book{wenger_communities_1998,
	title = {Communities of {Practice}: {Learning}, {Meaning}, and {Identity}},
	isbn = {978-1-107-26837-1},
	publisher = {Cambridge University Press},
	author = {Wenger, Etienne},
	year = {1998}
}

@misc{johnson_radgrad_2017,
	title = {{RadGrad}},
	url = {http://radgrad.org/},
	author = {Johnson, Philip},
	year = {2017}
}

@misc{bryant_black_2017,
	title = {Black {Girls} {Code}},
	url = {http://www.blackgirlscode.com/},
	author = {Bryant, Kimberly},
	year = {2017}
}

@misc{saujani_girls_2017,
	title = {Girls {Who} {Code}},
	url = {https://girlswhocode.com/},
	author = {Saujani, Reshma},
	year = {2017}
}

@techreport{camp_generation_2017,
	title = {Generation {CS}: Computer Science Undergraduate Enrollments Surge Since 2006},
	url = {https://cra.org/wp-content/uploads/2017/02/Generation-CS.pdf},
	institution = {Computing Research Association},
	author = {Camp, Tracy},
	year = {2017}
}

@article{kosoff_silicon_2017,
	title = {Silicon {Valley}'s sexual-harassment crisis keeps getting worse},
	url = {https://www.vanityfair.com/news/2017/09/silicon-valleys-sexual-harassment-crisis-keeps-getting-worse},
	journal = {Vanity Fair},
	author = {Kosoff, Maya},
	month = sep,
	year = {2017}
}

@techreport{hong_women_2014,
	title = {Women who choose computer science: what really matters},
	url = {https://static.googleusercontent.com/media/edu.google.com/en//pdfs/women-who-choose-what-really.pdf},
	institution = {Google, Inc.},
	author = {Hai Hong and Abby Bouchon},
	year = {2014}
}
